\bibliography{main}

@inproceedings{bugcache2007,
 author = {Kim, Sunghun and Zimmermann, Thomas and Whitehead Jr., E. James and Zeller, Andreas},
 title = {Predicting Faults from Cached History},
 booktitle = {Proceedings of the 29th International Conference on Software Engineering},
 series = {ICSE '07},
 year = {2007},
 address = {Washington, DC, USA}
}

@article{Wilcozxon1945,
 author = {Wilcoxon, Frank},
 year = {1945},
 title = {Individual comparisons by ranking methods},
 journal = {Biometrics Bulletin},
 volume = {1},
 number = {6},
 pages = {80--83},
}

@book{baeza1999modern,
  title={Modern information retrieval},
  author={Baeza-Yates, Ricardo and Ribeiro-Neto, Berthier and others},
  volume={463},
  year={1999},
  publisher={ACM press New York}
}

@misc{googletest,
  title = "Bug Prediction at Google",
  author = "C. Lewis and R. Ou",
  howpublished = "\url{http://google-engtools.blogspot.sg/2011/12/bug-prediction-at-google.html}",
  year = "2011"
}

@inproceedings{KochharBLJ13,
  author    = {Pavneet Singh Kochhar and
               Tegawend{\'e} F. Bissyand{\'e} and
               David Lo and
               Lingxiao Jiang},
  title     = {Adoption of Software Testing in Open Source Projects-A Preliminary
               Study on 50, 000 Projects},
  booktitle = {CSMR},
  year      = {2013},
  pages     = {353-356}
}

@inproceedings{FeldmanG06,
  author    = {Alexander Feldman and
               Arjan J. C. van Gemund},
  title     = {A Two-Step Hierarchical Algorithm for Model-Based Diagnosis},
  booktitle = {AAAI},
  year      = {2006},
  pages     = {827-833}
}

@inproceedings{KochharBLJ13b,
  author    = {Pavneet Singh Kochhar and
               Tegawend{\'e} F. Bissyand{\'e} and
               David Lo and
               Lingxiao Jiang},
  title     = {An Empirical Study of Adoption of Software Testing in Open
               Source Projects},
  booktitle = {QSIC},
  year      = {2013},
  pages     = {103-112}
}

@inproceedings{RaoK11,
 author    = {Shivani Rao and
               Avinash C. Kak},
  title     = {Retrieval from software libraries for bug localization: a comparative
               study of generic and composite text models},
  booktitle = {Proceedings of the 8th International Working Conference on Mining
               Software Repositories, {MSR} 2011 (Co-located with ICSE), Waikiki,
               Honolulu, HI, USA, May 21-28, 2011, Proceedings},
  pages     = {43--52},
  year      = {2011}
}

@inproceedings{SismanK12,
  author    = {Bunyamin Sisman and
               Avinash C. Kak},
  title     = {Incorporating version histories in Information Retrieval based bug
               localization},
  booktitle = {9th {IEEE} Working Conference of Mining Software Repositories, {MSR}
               2012, June 2-3, 2012, Zurich, Switzerland},
  pages     = {50--59},
  year      = {2012}
}

@inproceedings{ZhouZL12,
 author    = {Jian Zhou and
               Hongyu Zhang and
               David Lo},
  title     = {Where should the bugs be fixed? More accurate information retrieval-based
               bug localization based on bug reports},
  booktitle = {34th International Conference on Software Engineering, {ICSE} 2012,
               June 2-9, 2012, Zurich, Switzerland},
  pages     = {14--24},
  year      = {2012}
}

@inproceedings{Zhang:2005:EEU:1085130.1085135,
 author = {Zhang, Xiangyu and He, Haifeng and Gupta, Neelam and Gupta, Rajiv},
 title = {Experimental Evaluation of Using Dynamic Slices for Fault Location},
 booktitle = {Proceedings of the Sixth International Symposium on Automated Analysis-driven Debugging},
 series = {AADEBUG'05},
 year = {2005}
}

@inproceedings{DallmeierZ07,
  author    = {Valentin Dallmeier and
               Thomas Zimmermann},
  title     = {Extraction of bug localization benchmarks from history},
  booktitle = {ASE},
  year      = {2007},
  pages     = {433-436},
  ee        = {http://doi.acm.org/10.1145/1321631.1321702},
  crossref  = {DBLP:conf/kbse/2007},
  bibsource = {DBLP, http://dblp.uni-trier.de}
}

@article{LukinsKE10,
  author    = {Stacy K. Lukins and
               Nicholas A. Kraft and
               Letha H. Etzkorn},
  title     = {Bug localization using latent Dirichlet allocation},
  journal   = {Information {\&} Software Technology},
  volume    = {52},
  number    = {9},
  year      = {2010},
  pages     = {972-990}
}

@inproceedings{ThungLLJRD12,
  author    = {Ferdian Thung and
               Lucia and
               David Lo and
               Lingxiao Jiang and
               Foyzur Rahman and
               Premkumar T. Devanbu},
  title     = {To what extent could we detect field defects? an empirical
               study of false negatives in static bug finding tools},
  booktitle = {ASE},
  year      = {2012},
  pages     = {50-59}
}

@inproceedings{Saha:2011,
 author = {Saha, Diptikalyan and Nanda, Mangala Gowri and Dhoolia, Pankaj and Nandivada, V. Krishna and Sinha, Vibha and Chandra, Satish},
 title = {Fault Localization for Data-centric Programs},
 booktitle = {Proceedings of the 19th ACM SIGSOFT Symposium and the 13th European Conference on Foundations of Software Engineering},
 series = {ESEC/FSE '11},
 year = {2011}
}

@article{Abreu:2009,
 author = {Abreu, Rui and Zoeteweij, Peter and Golsteijn, Rob and van Gemund, Arjan J. C.},
 title = {A Practical Evaluation of Spectrum-based Fault Localization},
 journal = {J. Syst. Softw.},
 issue_date = {November, 2009},
 volume = {82},
 number = {11}
 }

@article{Porter:1980,
 author = {M.F. Porter},
 title = {An Algorithm for Suffix Stripping},
 journal = {Program},
 issue_date = {1980},
 volume = {14},
 number = {3},
 pages = {130-137}
 }

@inproceedings{Jones:2005,
 author = {Jones, James A. and Harrold, Mary Jean},
 title = {Empirical Evaluation of the Tarantula Automatic Fault-localization Technique},
 booktitle = {Proceedings of the 20th IEEE/ACM International Conference on Automated Software Engineering},
 series = {ASE '05},
 year = {2005}
}
@inproceedings{lucia:icsm,
  author    = {Lucia and
               David Lo and
               Lingxiao Jiang and
               Aditya Budi},
  title     = {Comprehensive evaluation of association measures for fault
               localization},
  booktitle = {ICSM},
  year      = {2010},
  pages     = {1-10}
}

@inproceedings{LuciaTLJ12,
  author    = {Lucia and
               Ferdian Thung and
               David Lo and
               Lingxiao Jiang},
  title     = {Are faults localizable?},
  booktitle = {MSR},
  year      = {2012},
  pages     = {74-77}
}

@article{Mayer:2007,
 author = {Mayer, Wolfgang and Stumptner, Markus},
 title = {Model-Based Debugging -- State of the Art And Future Challenges},
 journal = {Electron. Notes Theor. Comput. Sci.},
 issue_date = {May, 2007},
 volume = {174},
 number = {4},
 year = {2007}
}

@inproceedings{Feldman:2006,
 author = {Feldman, Alexander and van Gemund, Arjan},
 title = {A Two-step Hierarchical Algorithm for Model-based Diagnosis},
 booktitle = {Proceedings of the 21st National Conference on Artificial Intelligence - Volume 1},
 series = {AAAI'06},
 year = {2006},
 isbn = {978-1-57735-281-5},
 location = {Boston, Massachusetts},
 pages = {827--833}
}

@article{Hovemeyer:2004,
 author = {Hovemeyer, David and Pugh, William},
 title = {Finding Bugs is Easy},
 journal = {SIGPLAN Not.},
 issue_date = {December 2004},
 volume = {39},
 number = {12}
}

@inproceedings{AnvikHM05,
  author    = {John Anvik and
               Lyndon Hiew and
               Gail C. Murphy},
  title     = {Coping with an open bug repository},
  booktitle = {ETX},
  year      = {2005},
  pages     = {35-39}
}

@inproceedings{Hassan:2009,
 author = {A.E. Hassan},
 title = {Predicting Faults Using the Complexity of Code Changes},
 booktitle = {Proceedings of the 31st International Conference on Software Engineering},
 series = {ICSE '09},
 year = {2009},
 pages = {78--88},
 numpages = {11}
}

@inproceedings{wang:2011,
  author    = {Shaowei Wang and
               David Lo and
               Zhenchang Xing and
               Lingxiao Jiang},
  title     = {Concern Localization using Information Retrieval: An Empirical
               Study on Linux Kernel},
  booktitle = {WCRE},
  year      = {2011}
}

@article{Poshyvanyk:2013,
 author = {Poshyvanyk, Denys and Gethers, Malcom and Marcus, Andrian},
 title = {Concept Location Using Formal Concept Analysis and Information Retrieval},
 journal = {ACM Trans. Softw. Eng. Methodol.},
 issue_date = {November 2012},
 volume = {21},
 number = {4},
 month = feb,
 year = {2013}
 }

@article{DitRP13,
  author    = {Bogdan Dit and
               Meghan Revelle and
               Denys Poshyvanyk},
  title     = {Integrating information retrieval, execution and link analysis
               algorithms to improve feature location in software},
  journal   = {Empirical Software Engineering},
  volume    = {18},
  number    = {2},
  year      = {2013},
  pages     = {277-309}
}

@inproceedings{GethersDKP12,
  author    = {Malcom Gethers and
               Bogdan Dit and
               Huzefa H. Kagdi and
               Denys Poshyvanyk},
  title     = {Integrated impact analysis for managing software changes},
  booktitle = {ICSE},
  year      = {2012},
  pages     = {430-440}
}

@article{DitRGP13,
  author    = {Bogdan Dit and
               Meghan Revelle and
               Malcom Gethers and
               Denys Poshyvanyk},
  title     = {Feature location in source code: a taxonomy and survey},
  journal   = {Journal of Software: Evolution and Process},
  volume    = {25},
  number    = {1},
  year      = {2013},
  pages     = {53-95}
}

@article{Poshyvanyk:tse2007,
  author    = {Denys Poshyvanyk and
               Yann-Ga{\"e}l Gu{\'e}h{\'e}neuc and
               Andrian Marcus and
               Giuliano Antoniol and
               V{\'a}clav Rajlich},
  title     = {Feature Location Using Probabilistic Ranking of Methods
               Based on Execution Scenarios and Information Retrieval},
  journal   = {IEEE Trans. Software Eng.},
  volume    = {33},
  number    = {6},
  year      = {2007}
}

@inproceedings{Kim:2007,
 author = {Kim, Sunghun and Zimmermann, Thomas and Whitehead Jr., E. James and Zeller, Andreas},
 title = {Predicting Faults from Cached History},
 booktitle = {Proceedings of the 29th International Conference on Software Engineering},
 series = {ICSE '07},
 year = {2007},
 isbn = {0-7695-2828-7},
 pages = {489--498}
}
@article{Chidamber:1994,
 author = {Chidamber, S. R. and Kemerer, C. F.},
 title = {A Metrics Suite for Object Oriented Design},
 journal = {IEEE Trans. Softw. Eng.},
 issue_date = {June 1994},
 volume = {20},
 number = {6},
 month = jun,
 year = {1994}
 }

@article{ElEmam2001,
title = "The prediction of faulty classes using object-oriented design metrics ",
journal = "Journal of Systems and Software ",
volume = "56",
number = "1",
pages = "63 - 75",
year = "2001"
}

@inproceedings{Nagappan:2006,
 author = {Nagappan, Nachiappan and Ball, Thomas and Zeller, Andreas},
 title = {Mining Metrics to Predict Component Failures},
 booktitle = {Proceedings of the 28th International Conference on Software Engineering},
 series = {ICSE '06},
 year = {2006},
 isbn = {1-59593-375-1}
 }

@inproceedings{Zimmermann:2008,
 author = {Zimmermann, Thomas and Nagappan, Nachiappan},
 title = {Predicting Defects Using Network Analysis on Dependency Graphs},
 booktitle = {Proceedings of the 30th International Conference on Software Engineering},
 series = {ICSE '08},
 year = {2008},
 isbn = {978-1-60558-079-1},
 location = {Leipzig, Germany},
 pages = {531--540},
 numpages = {10}
}

@article{Antoniol:2002,
 author = {Antoniol, Giuliano and Canfora, Gerardo and Casazza, Gerardo and De Lucia, Andrea and Merlo, Ettore},
 title = {Recovering Traceability Links Between Code and Documentation},
 journal = {IEEE Trans. Softw. Eng.},
 issue_date = {October 2002},
 volume = {28},
 number = {10},
 month = oct,
 year = {2002}
 }


@article{Marcus:2008,
 author = {Marcus, Andrian and Poshyvanyk, Denys and Ferenc, Rudolf},
 title = {Using the Conceptual Cohesion of Classes for Fault Prediction in Object-Oriented Systems},
 journal = {IEEE Trans. Softw. Eng.},
 issue_date = {March 2008},
 volume = {34},
 number = {2},
 month = mar,
 year = {2008}
 }

@inproceedings{Rahman:2011,
 author = {Rahman, Foyzur and Posnett, Daryl and Hindle, Abram and Barr, Earl and Devanbu, Premkumar},
 title = {BugCache for Inspections: Hit or Miss?},
 booktitle = {Proceedings of the 19th ACM SIGSOFT Symposium and the 13th European Conference on Foundations of Software Engineering},
 series = {ESEC/FSE '11},
 year = {2011},
 pages = {322--331},
 publisher = {ACM},
 address = {New York, NY, USA}
}
